
@book{first_distil,
	author = {{Ahmad Yousef al-Hassan}},
	title = {Science and Technology in Islam: Technology and applied sciences},
	year = {2001},
	publisher = {UNESCO},
	url = {https://books.google.co.uk/books?id=h2g1qte4iegC},
	pages = {65-68}
}

@Article{quovadis,
	author ="Inderwildi, Oliver R. and King, David A.",
	title  ="Quo vadis biofuels?",
	journal  ="Energy Environ. Sci.",
	year  ="2009",
	volume  ="2",
	issue  ="4",
	pages  ="343-346",
	publisher  ="The Royal Society of Chemistry",
	doi  ="10.1039/B822951C",
	url  ="http://dx.doi.org/10.1039/B822951C",
	abstract  =""}

@article{fuelcell,
	title = "Advanced m-CHP fuel cell system based on a novel bio-ethanol fluidized bed membrane reformer",
	journal = "International Journal of Hydrogen Energy",
	volume = "42",
	number = "19",
	pages = "13970 - 13987",
	year = "2017",
	note = "Special Issue on The 21st World Hydrogen Energy Conference (WHEC 2016), 13-16 June 2016, Zaragoza, Spain",
	issn = "0360-3199",
	doi = "https://doi.org/10.1016/j.ijhydene.2017.03.162",
	url = "http://www.sciencedirect.com/science/article/pii/S0360319917311679",
	author = "Jose Luis Viviente and Jon Melendez and David Alfredo Pacheco Tanaka and Fausto Gallucci and Vincenzo Spallina and Giampaolo Manzolini and Stefano Foresti and Vincenzo Palma and Concetta Ruocco and Leonardo Roses",
	keywords = "Palladium membrane, Fluidized membrane reactor, Hydrogen production, Micro-CHP system, PEM fuel cell, Bio-ethanol SMR"
}

@article{azeobreak,
	title = {{Ionic liquids in separations of azeotropic systems - A review}},
	journal = "The Journal of Chemical Thermodynamics",
	volume = "46",
	pages = "2-28",
	year = "2012",
	note = "Thermodynamics of Sustainable Processes",
	issn = "0021-9614",
	doi = "https://doi.org/10.1016/j.jct.2011.05.026",
	url = "http://www.sciencedirect.com/science/article/pii/S0021961411001856",
	author = "A.B. Pereiro and J.M.M. Araujo and J.M.S.S. Esperanca and I.M. Marrucho and L.P.N. Rebelo",
	keywords = "Ionic liquids, Azeotropes, Separation, Extraction, Distillation, Membranes"
}

@article{parke,
	 title={Solution properties of ethanol in water}, 
	 volume={67}, 
	 DOI={10.1016/s0308-8146(99)00124-7}, 
	 number={3}, 
	 journal={Food Chemistry}, 
	 author={Parke, Sneha A. and Birch, Gordon G.}, 
	 year={1999}, 
	 pages={241-246}
 } 

@article{frankevans,
	author = {Henry S. Frank and Marjorie W. Evans},
	title = {Free Volume and Entropy in Condensed Systems III. Entropy in Binary Liquid Mixtures; Partial Molal Entropy in Dilute Solutions; Structure and Thermodynamics in Aqueous Electrolytes},
	journal = {The Journal of Chemical Physics},
	volume = {13},
	number = {11},
	pages = {507-532},
	year = {1945},
	doi = {10.1063/1.1723985},
	
	URL = { 
	https://doi.org/10.1063/1.1723985
	},
	eprint = { 
	https://doi.org/10.1063/1.1723985
	}
	
}

@article{guoetal,
	title = {Molecular Structure of Alcohol-Water Mixtures},
	author = {Guo, J.-H. and Luo, Y. and Augustsson, A. and Kashtanov, S. and Rubensson, J.-E. and Shuh, D. K. and \AA{}gren, H. and Nordgren, J.},
	journal = {Phys. Rev. Lett.},
	volume = {91},
	issue = {15},
	pages = {157401},
	numpages = {4},
	year = {2003},
	month = {Oct},
	publisher = {American Physical Society},
	doi = {10.1103/PhysRevLett.91.157401},
	url = {https://link.aps.org/doi/10.1103/PhysRevLett.91.157401}
}
